%% LaTeX2e file `main.bib'
%% generated by the `filecontents' environment
%% from source `main' on 2024/08/12.
%%


\printbibliography

\end{document}


%
%%%
%%% Copyright (C) 2019 by Daniel A. Weiss <daniel.weiss.led at gmail.com>
%%%
%%% This work may be distributed and/or modified under the
%%% conditions of the LaTeX Project Public License (LPPL), either
%%% version 1.3c of this license or (at your option) any later
%%% version.  The latest version of this license is in the file:
%%%
%%% http://www.latex-project.org/lppl.txt
%%%
%%% Users may freely modify these files without permission, as long as the
%%% copyright line and this statement are maintained intact.
%%%
%%% This work is not endorsed by, affiliated with, or probably even known
%%% by, the American Psychological Association.
%%%
%%% This work is "maintained" (as per LPPL maintenance status) by
%%% Daniel A. Weiss.
%%%
%%% This work consists of the file  apa7.dtx
%%% and the derived files           apa7.ins,
%%%                                 apa7.cls,
%%%                                 apa7.pdf,
%%%                                 README,
%%%                                 APA7american.txt,
%%%                                 APA7british.txt,
%%%                                 APA7dutch.txt,
%%%                                 APA7english.txt,
%%%                                 APA7german.txt,
%%%                                 APA7ngerman.txt,
%%%                                 APA7greek.txt,
%%%                                 APA7czech.txt,
%%%                                 APA7turkish.txt,
%%%                                 APA7endfloat.cfg,
%%%                                 Figure1.pdf,
%%%                                 shortsample.tex,
%%%                                 longsample.tex, and
%%%                                 bibliography.bib.
%%%
%%%
%%% End of file `./samples/longsample.tex'.
