@article{black_rationale_1948,
	title = {On the rationale of group decision-making},
	volume = {56},
	pages = {23--34},
	number = {1},
	journal = {Journal of Political Economy},
	author = {Black, Duncan},
	year = {1948},
}

@book{sherif_social_1961,
	location = {New Haven},
	title = {Social judgment: Assimilation and contrast effects in communication and attitude change},
	publisher = {Yale University Press},
	author = {Sherif, Muzafer and Hovland, Carl Iver},
	year = {1961},
	keywords = {Attitude, Attitude change, Communication, Judgment, Psychology, Social},
}